@incollection{lankhorst2009architecture,
  title={The architecture of the archimate language},
  author={Lankhorst, Marc M and Proper, Henderik Alex and Jonkers, Henk},
  booktitle={Enterprise, business-process and information systems modeling},
  pages={367--380},
  year={2009},
  publisher={Springer}
}

@article{iacob2012archimate,
  title={ArchiMate 2.0 Specification},
  author={Iacob, MqE and Jonkers, H and Lankhorst, M and Proper, E and Quartel, Dick AC},
  year={2012},
  publisher={Sl: Van Haren Publishing}
}

@book{osterwalder2013business,
  title={Business model generation: a handbook for visionaries, game changers, and challengers},
  author={Osterwalder, Alexander and Pigneur, Yves},
  year={2013},
  publisher={John Wiley \& Sons}
}

@article{osterwalder2004business,
  title={The business model ontology: A proposition in a design science approach},
  author={Osterwalder, Alexander and others},
  year={2004},
  publisher={PhD dissertation, University of Lausanne, Switzerland}
}

@article{avalos2015baby,
  title={Baby, you can (’t) drive my car. El caso de {\"U}ber en M{\'e}xico},
  author={{\'A}valos, Marcos and Sof{\'\i}a, Paula},
  journal={Econom{\'\i}a Informa},
  volume={2015},
  number={390},
  pages={104--112},
  year={2015},
  publisher={Elsevier}
}

@misc{schollmars:2013:Online,
author = {Varios Autores},
title = {LOS MEJORES COLEGIOS DE ESPAÑA - OPINIONES DE COLEGIOS - SCHOOLMARS},
year = {2016},
howpublished = "url{http://www.schoolmars.com/}",
urldate = {01-05-2016}
}

@article{luca2011reviews,
  title={Reviews, reputation, and revenue: The case of Yelp. com},
  author={Luca, Michael},
  journal={Com (September 16, 2011). Harvard Business School NOM Unit Working Paper},
  number={12-016},
  year={2011}
}

@book{josey2011togaf,
  title={TOGAF{\textregistered} Version 9.1-A Pocket Guide},
  author={Josey, Andrew},
  year={2011},
  publisher={Van Haren}
}